@book{hawking1993brief,
  title={A brief history of time},
  author={Hawking, Stephen and Jackson, Michael},
  year={1993},
  publisher={Dove Audio}
}

@article{nicolaou2013aufkommen,
  title={Vom Aufkommen des Molek{\"u}lkonzepts zur Kunst der Molek{\"u}lsynthese},
  author={Nicolaou, KC},
  journal={Angewandte Chemie},
  volume={125},
  number={1},
  year={2013},
  publisher={Wiley Online Library}
}

@phdthesis{meusel2005entwicklung,
  title={Entwicklung neuer Syntheseverfahren f{\"u}r biologisch aktive Ureide und Hydantoine},
  author={Meusel, Manuela and others},
  year={2005},
  school={Dissertation, Universit{\"a}t Bonn}
}